<?xml version="1.0" encoding="UTF-8"?><collection xmlns="http://www.loc.gov/MARC21/slim"><record><leader>00769nam--2200193-i-4500</leader><controlfield tag="001">000013753</controlfield><controlfield tag="002">20161230</controlfield><controlfield tag="005">20161230201030</controlfield><controlfield tag="008">060222s1000------------r-----000-0-eng-d</controlfield><datafield ind1=" " ind2=" " tag="040"><subfield code="a">IFIN-HH</subfield></datafield><datafield ind1=" " ind2=" " tag="080"><subfield code="a">533.9. 621.O39.61 (061.3)</subfield></datafield><datafield ind1=" " ind2=" " tag="100"><subfield code="a">Coppi, B</subfield></datafield><datafield ind1="1" ind2="0" tag="245"><subfield code="a">Physics of plasmas close to thermonuclear conditions</subfield><subfield code="b">Proceedings of the Course held in Varenna, Italy 27 August - 8 September 1979. International School of Plasma Physics, Villa Monastero, Varenna, Italy</subfield><subfield code="c">B. Coppi, G.G. Leotta, D. Pfirsch, R. Pozzoli, E. Sindoni (Eds.)</subfield></datafield><datafield ind1=" " ind2=" " tag="260"><subfield code="a">Oxford, Commission Of The European Communities By Pergamon Press, 1981</subfield></datafield><datafield ind1=" " ind2=" " tag="300"><subfield code="a">2 volume</subfield></datafield><datafield ind1="1" ind2=" " tag="700"><subfield code="a">Sindoni, E</subfield></datafield><datafield ind1=" " ind2=" " tag="787"><subfield code="a">Vol. 2</subfield><subfield code="h">/476/ 871 p</subfield></datafield><datafield ind1=" " ind2=" " tag="852"><subfield code="a">49263</subfield><subfield code="c">533.9</subfield></datafield><datafield ind1=" " ind2=" " tag="CAT"><subfield code="a">Sys</subfield><subfield code="c">20100929</subfield><subfield code="h">153847</subfield></datafield></record></collection>